<record><leader>00000cas a22000007a 4500</leader><controlfield tag="001">16273789</controlfield><controlfield tag="008">870724d18591863njuwr ne      0    0eng d</controlfield><datafield ind1=" " ind2=" " tag="010"><subfield code="a">sn 87068195 </subfield></datafield><datafield ind1=" " ind2=" " tag="040"><subfield code="a">NJW</subfield><subfield code="b">eng</subfield><subfield code="c">NJW</subfield><subfield code="d">OCLCQ</subfield></datafield><datafield ind1=" " ind2=" " tag="042"><subfield code="a">msc</subfield></datafield><datafield ind1="0" ind2="0" tag="245"><subfield code="a">Somerset County news.</subfield></datafield><datafield ind1=" " ind2=" " tag="260"><subfield code="a">Somerville, N.J. :</subfield><subfield code="b">E.G. Upson</subfield></datafield><datafield ind1=" " ind2=" " tag="310"><subfield code="a">Weekly</subfield></datafield><datafield ind1="1" ind2=" " tag="362"><subfield code="a">Began with Dec. 1, 1859 issue; ceased with Feb. 26, 1863 issue.</subfield></datafield><datafield ind1=" " ind2=" " tag="530"><subfield code="a">Also issued on microfilm as part of the Civil War newspapers collection.</subfield></datafield><datafield ind1=" " ind2=" " tag="588"><subfield code="a">Description based on: New ser., v. 1, no. 24 (June 19, 1862).</subfield></datafield><datafield ind1=" " ind2=" " tag="752"><subfield code="a">United States</subfield><subfield code="b">New Jersey</subfield><subfield code="c">Somerset</subfield><subfield code="d">Somerville.</subfield></datafield><datafield ind1="0" ind2="7" tag="785"><subfield code="t">Somerset Whig</subfield><subfield code="w">(DLC)sn 84026262</subfield><subfield code="w">(OCoLC)10362416</subfield></datafield><datafield ind1="0" ind2="7" tag="785"><subfield code="t">Somerset unionist</subfield><subfield code="w">(DLC)sn 84026165</subfield><subfield code="w">(OCoLC)10312144</subfield></datafield></record>